%% This BibTeX bibliography file was created using BibDesk.
%% http://bibdesk.sourceforge.net/

%% Created for Charlotte Wainwright at 2018-02-12 12:24:13 -0500


%% Saved with string encoding Unicode (UTF-8)


@string{aa = {Astronautica Acta}}

@string{aas = {Adv. Atmos. Sci.}}

@string{acp = {Atmos. Chem. Phys.}}

@string{ag = {Adv. Geophys.}}

@string{aiaa = {AIAA J.}}

@string{aj = {Astrophys. J.}}

@string{ajp = {Aust. J. Phys.}}

@string{ams = {Am. Meteorol. Soc.}}

@string{anngeo = {Ann. Geophys.}}

@string{ao = {Appl. Opt.}}

@string{arfm = {Ann. Rev. Fluid Mech.}}

@string{aseejee = {ASEE J. Eng. Ed.}}

@string{asr = {Adv. Space Res.}}

@string{atmm = {Atmos. Turb. Mesoscale Meteorol.}}

@string{bams = {Bull. Amer. Meteorol. Soc.}}

@string{blm = {Boundary-Layer Meteorol.}}

@string{cjp = {Can. J. Phys.}}

@string{emp = {Earth, Moon, Planets}}

@string{eps = {Earth Planets Space}}

@string{gafd = {Geophys. Astrophys. Fluid Dynam.}}

@string{gfd = {Geophys. Fluid Dynam.}}

@string{gm = {Geophys. Monograph}}

@string{gp = {Geofys. Publ.}}

@string{grl = {Geophys. Res. Lett.}}

@string{ieeetrans = {IEEE Trans.}}

@string{ieeetransap = {IEEE Trans. Anten. Prop.}}

@string{ieeetransed = {IEEE Trans. Educ.}}

@string{ieeetransge = {IEEE Trans. Geosci. Electron.}}

@string{ieeetransrs = {IEEE Trans. Geosci. Remote Sens.}}

@string{jam = {J. Appl. Meteorol.}}

@string{jamc = {J. Appl. Meteorol. Climat.}}

@string{jas = {J. Atmos. Sci.}}

@string{jastp = {J. Atmos. Sol. Terr. Phys.}}

@string{jatp = {J. Atmos. Terr. Phys.}}

@string{jcam = {J. Climate Appl. Meteorol.}}

@string{jee = {J. Eng. Ed.}}

@string{jfm = {J. Fluid Mech.}}

@string{jg = {J. Geophysics}}

@string{jgg = {J. Geomag. Geoelectr.}}

@string{jgr = {J. Geophys. Res.}}

@string{jm = {J. Meteorol.}}

@string{jmsj = {J. Met. Soc. Japan}}

@string{jpo = {J. Phys. Ocean.}}

@string{jtech = {J. Atmos. Ocean. Tech.}}

@string{mas = {Meteorol. Atmos. Phys.}}

@string{metap = {Meteorol. Atm. Phys.}}

@string{metmag = {Meteorol. Mag.}}

@string{metzeit = {Meteorol. Z.}}

@string{mnras = {Mon. Not. Roy. Astr. Soc.}}

@string{mwr = {Mon. Wea. Rev.}}

@string{nature = {Nature}}

@string{oe = {Opt. Eng.}}

@string{pag = {Pure Appl. Geophys.}}

@string{pageoph = {PAGEOPH}}

@string{philmag = {Phil. Mag.}}

@string{pps = {Proc. Phys. Soc.}}

@string{pr = {Phys. Rev.}}

@string{prociee = {Proc. Instn. Elect. Engrs.}}

@string{procieee = {Proc. IEEE}}

@string{prs = {Proc. Roy. Soc.}}

@string{prsa = {Proc. Roy. Soc., Ser. A.}}

@string{prsl = {Proc. Roy. Soc. London}}

@string{prslsa = {Proc. Roy. Soc. London Ser. A.}}

@string{ps = {Phys. Scripta}}

@string{pss = {Planet. Space Sci.}}

@string{pt = {Physics Today}}

@string{ptrsl = {Phil. Trans. R. Soc. Lond.}}

@string{qjrms = {Q. J. R. Meteorol. Soc.}}

@string{radsci = {Radio Sci.}}

@string{revgeo = {Rev. Geophys. Space Phys.}}

@string{science = {Science}}

@string{ssr = {Space Sci. Rev.}}

@string{tellus = {Tellus}}

@string{tpf = {Phys. Fluids}}

@string{wrr = {Water Res. Research}}

\clearpage
\clearpage
@article{iqbal2019five,
  title={Five decades of the ACM special interest group on data communications (SIGCOMM): a bibliometric perspective},
  author={Iqbal, Waleed and Qadir, Junaid and Hassan, Saeed-Ul and Javed, Rana Tallal and Mian, Adnan Noor and Crowcroft, Jon and Tyson, Gareth},
  journal={ACM SIGCOMM Computer Communication Review},
  volume={49},
  number={5},
  pages={29--37},
  year={2019},
  publisher={ACM}
}
@article{iqbal2019bibliometric,
  title={A bibliometric analysis of publications in computer networking research},
  author={Iqbal, Waleed and Qadir, Junaid and Tyson, Gareth and Mian, Adnan Noor and Hassan, Saeed-ul and Crowcroft, Jon},
  journal={Scientometrics},
  volume={119},
  number={2},
  pages={1121--1155},
  year={2019},
  publisher={Springer}
}
@article{chiu2010publish,
	title={Publish or perish in the internet age: a study of publication statistics in computer networking research},
	author={Chiu, Dah Ming and Fu, Tom ZJ},
	journal={ACM SIGCOMM Computer Communication Review},
	volume={40},
	number={1},
	pages={34--43},
	year={2010},
	publisher={ACM}
}

@article{ferreira2016we,
	title={What do we [not] know about technology entrepreneurship research?},
	author={Ferreira, Jo{\~a}o JM and Ferreira, Fernando AF and Fernandes, Cristina IMAS and Jalali, Marjan S and Raposo, M{\'a}rio L and Marques, Carla S},
	journal={International Entrepreneurship and Management Journal},
	volume={12},
	number={3},
	pages={713--733},
	year={2016},
	publisher={Springer}
}

@article{flittner2018survey,
	title={A Survey on Artifacts from {CoNEXT, ICN, IMC, and SIGCOMM Conference}s in 2017},
	author={Flittner, Matthias and Mahfoudi, Mohamed Naoufal and Saucez, Damien and W{\"a}hlisch, Matthias and Iannone, Luigi and Bajpai, Vaibhav and Afanasyev, Alex},
	journal={ACM SIGCOMM Computer Communication Review},
	volume={48},
	number={1},
	pages={75--80},
	year={2018},
	publisher={ACM}
}

@article{ferreira2017mapping,
	title={Mapping the field of arts-based management: Bibliographic coupling and co-citation analyses},
	author={Ferreira, Fernando AF},
	journal={Journal of Business Research},
	year={2017},
	publisher={Elsevier}
}   

@inproceedings{hamadicharef2010bibliometric,
	title={Bibliometric study of the {DAFx} proceedings 1998-2009},
	author={Hamadicharef, Brahim},
	booktitle={Digital Audio Effects (DAFx2010)},
	pages={427--430},
	year={2010}
}

@inproceedings{bartneck2009scientometric,
	title={Scientometric analysis of the {CHI} proceedings},
	author={Bartneck, Christoph and Hu, Jun},
	booktitle={Proceedings of the SIGCHI conference on human factors in computing systems},
	pages={699--708},
	year={2009},
	organization={ACM}
}

@inproceedings{hamadicharef2010scientometric,
	title={Scientometric study of the Journal Neuroimage 1992-2009},
	author={Hamadicharef, Brahim},
	booktitle={Web Information Systems and Mining (WISM), 2010 International Conference on},
	volume={2},
	pages={201--204},
	year={2010},
	organization={IEEE}
}

@article{thanuskodi2010journal,
	title={Journal of Social Sciences: A bibliometric study},
	author={Thanuskodi, S},
	journal={Journal of Social Sciences},
	volume={24},
	number={2},
	pages={77--80},
	year={2010},
	publisher={Taylor \& Francis}
}

@article{serenko2009scientometric,
	title={A scientometric analysis of the proceedings of the {McMaster} world congress on the management of intellectual capital and innovation for the 1996-2008 period},
	author={Serenko, Alexander and Bontis, Nick and Grant, Joshua},
	journal={Journal of Intellectual Capital},
	volume={10},
	number={1},
	pages={8--21},
	year={2009},
	publisher={Emerald Group Publishing Limited}
}

@article{heilig2014scientometric,
	title={A scientometric analysis of cloud computing literature},
	author={Heilig, Leonard and Vo{\ss}, Stefan},
	journal={IEEE Transactions on Cloud Computing},
	volume={2},
	number={3},
	pages={266--278},
	year={2014},
	publisher={IEEE}
}

@article{rajendran2011scientometric,
	title={Scientometric analysis of contributions to Journal of Scientific and Industrial Research},
	author={Rajendran, Periyaswamy and Jeyshankar, R and Elango, B},
	journal={International Journal of Digital Library Services},
	volume={1},
	number={2},
	pages={79--89},
	year={2011}
}

@article{nattar2009indian,
	title={Indian journal of physics: A scientometric analysis},
	author={Nattar, S},
	journal={International Journal of Library and Information Science},
	volume={1},
	number={4},
	pages={043--61},
	year={2009},
	publisher={Academic Journals}
}

@inproceedings{hamadicharef2012scientometric,
	title={Scientometric study of the {IEEE} transactions on software engineering 1980-2010},
	author={Hamadicharef, Brahim},
	booktitle={Proceedings of the 2011 2nd International Congress on Computer Applications and Computational Science},
	pages={101--106},
	year={2012},
	organization={Springer}
}

@inproceedings{kaye2009some,
	title={Some statistical analyses of {CHI}},
	author={Kaye, Joseph 'Jofish'},
	booktitle={CHI'09 Extended Abstracts on Human Factors in Computing Systems},
	pages={2585--2594},
	year={2009},
	organization={ACM}
}

@article{kumar2016bibliometric,
	title={A bibliometric study of asia pacific software engineering conference from 2010 to 2015},
	author={Kumar, Lov and Sripada, Saikrishna and Sureka, Ashish},
	journal={arXiv preprint arXiv:1610.09635},
	year={2016}
}
@techreport{kincaid1975derivation,
	title={Derivation of new readability formulas (automated readability index, fog count and {Flesch} reading ease formula) for navy enlisted personnel},
	author={Kincaid, J Peter and Fishburne Jr, Robert P and Rogers, Richard L and Chissom, Brad S},
	year={1975},
	institution={Naval Technical Training Command Millington TN Research Branch}
}

@article{coleman1975computer,
	title={A computer readability formula designed for machine scoring.},
	author={Coleman, Meri and Liau, Ta Lin},
	journal={Journal of Applied Psychology},
	volume={60},
	number={2},
	pages={283},
	year={1975},
	publisher={American Psychological Association}
}

@article{mc1969smog,
	title={{SMOG} grading---a new readability formula},
	author={McLaughlin, G Harry},
	journal={Journal of reading},
	volume={12},
	number={8},
	pages={639--646},
	year={1969},
	publisher={JSTOR}
}


@misc{qsrank, 
	title={{QS} ranking for Universities https://www.topuniversities.com/university-rankings/world-university-rankings/2018}, 
	url={https://www.topuniversities.com/university-rankings/world-university-rankings/2018}, 
	journal={QS Ranking}, 
	publisher={QS Ranking},
	year={2018}
}

@article{oppenheimer2006consequences,
	title={Consequences of erudite vernacular utilized irrespective of necessity: Problems with using long words needlessly},
	author={Oppenheimer, Daniel M},
	journal={Applied Cognitive Psychology},
	volume={20},
	number={2},
	pages={139--156},
	year={2006},
	publisher={Wiley Online Library}
}

@misc{flesch-kincaid, 
	title={{Flesch-Kincaid} readability tests", 
	https://en.wikipedia.org/wiki/Flesch-Kincaid$\_$readability$\_$tests}, 
	url={https://en.wikipedia.org/wiki/Flesch-Kincaid$\_$readability$\_$tests}, 
	journal={flesch-kincaid}, 
	publisher={flesch-kincaid},
	year={2018}
}

@article{redner1998popular,
	title={How popular is your paper? An empirical study of the citation distribution},
	author={Redner, Sidney},
	journal={The European Physical Journal B-Condensed Matter and Complex Systems},
	volume={4},
	number={2},
	pages={131--134},
	year={1998},
	publisher={Springer}
}
@misc{the_economist_2016, 
	title={Why research papers have so many authors},
	url={https://www.economist.com/news/science-and-technology/21710792-scientific-publications-are-getting-more-and-more-names-attached-them-why}, 
	journal={The Economist}, 
	publisher={The Economist Newspaper},
	year={2016}
}

@article{hirsch2005index,
	title={An index to quantify an individual's scientific research output},
	author={Hirsch, Jorge E},
	journal={Proceedings of the National academy of Sciences of the United States of America},
	volume={102},
	number={46},
	pages={16569},
	year={2005},
	publisher={National Academy of Sciences}
}
@article{fortin2013big,
	title={Big science vs. little science: how scientific impact scales with funding},
	author={Fortin, Jean-Michel and Currie, David J},
	journal={PloS one},
	volume={8},
	number={6},
	pages={e65263},
	year={2013},
	publisher={Public Library of Science}
}
@article{iglivc2017whom,
	title={With whom do researchers collaborate and why?},
	author={Igli{\v{c}}, Hajdeja and Doreian, Patrick and Kronegger, Luka and Ferligoj, Anu{\v{s}}ka},
	journal={Scientometrics},
	volume={112},
	number={1},
	pages={153--174},
	year={2017},
	publisher={Springer}
}
@book{smith2000collaborative,
	title={Collaborative approaches to research},
	author={Smith, David and Katz, J Sylvan},
	year={2000},
	publisher={University of Leeds, Higher Education Policy Unit}
}
@inproceedings{hassan2017identifying,
	title={Identifying important citations using contextual information from full text},
	author={Hassan, Saeed-Ul and Akram, Anam and Haddawy, Peter},
	booktitle={Proceedings of the 17th ACM/IEEE Joint Conference on Digital Libraries},
	pages={41--48},
	year={2017},
	organization={IEEE Press}
}
@inproceedings{valenzuela2015identifying,
	title={Identifying Meaningful Citations},
	author={Valenzuela, Marco and Ha, Vu and Etzioni, Oren},
	booktitle={AAAI Workshop: Scholarly Big Data},
	year={2015}
}
@article{zhu2015measuring,
	title={Measuring academic influence: Not all citations are equal},
	author={Zhu, Xiaodan and Turney, Peter and Lemire, Daniel and Vellino, Andr{\'e}},
	journal={Journal of the Association for Information Science and Technology},
	volume={66},
	number={2},
	pages={408--427},
	year={2015},
	publisher={Wiley Online Library}
}
@article{geurts2006extremely,
	title={Extremely randomized trees},
	author={Geurts, Pierre and Ernst, Damien and Wehenkel, Louis},
	journal={Machine learning},
	volume={63},
	number={1},
	pages={3--42},
	year={2006},
	publisher={Springer}
}
@article{blei2003latent,
	title={Latent {D}irichlet allocation},
	author={Blei, David M and Ng, Andrew Y and Jordan, Michael I},
	journal={Journal of machine Learning research},
	volume={3},
	number={Jan},
	pages={993--1022},
	year={2003}
}
@article{belter2015bibliometric,
	title={Bibliometric indicators: opportunities and limits},
	author={Belter, Christopher W},
	journal={Journal of the Medical Library Association: JMLA},
	volume={103},
	number={4},
	pages={219},
	year={2015},
	publisher={Medical Library Association}
}
@article{durieux2010bibliometric,
	title={Bibliometric indicators: quality measurements of scientific publication},
	author={Durieux, Val{\'e}rie and Gevenois, Pierre Alain},
	journal={Radiology},
	volume={255},
	number={2},
	pages={342--351},
	year={2010},
	publisher={Radiological Society of North America, Inc.}
}
@inproceedings{paul2009topic,
	title={Topic modeling of research fields: An interdisciplinary perspective},
	author={Paul, Michael and Girju, Roxana},
	booktitle={Proceedings of the International Conference RANLP-2009},
	pages={337--342},
	year={2009}
}
@article{choi2011analysis,
	title={Analysis of keyword networks in MIS research and implications for predicting knowledge evolution},
	author={Choi, Jinho and Yi, Sangyoon and Lee, Kun Chang},
	journal={Information \& Management},
	volume={48},
	number={8},
	pages={371--381},
	year={2011},
	publisher={Elsevier}
}
@article{didegah2018co,
	title={Co-saved, co-tweeted, and co-cited networks},
	author={Didegah, Fereshteh and Thelwall, Mike},
	journal={Journal of the Association for Information Science and Technology},
	year={2018},
	publisher={Wiley Online Library}
}
@article{borgatti2009network,
	title={Network analysis in the social sciences},
	author={Borgatti, Stephen P and Mehra, Ajay and Brass, Daniel J and Labianca, Giuseppe},
	journal={science},
	volume={323},
	number={5916},
	pages={892--895},
	year={2009},
	publisher={American Association for the Advancement of Science}
}
@article{hassan2017measuring,
	title={Measuring social media activity of scientific literature: an exhaustive comparison of scopus and novel altmetrics big data},
	author={Hassan, Saeed-Ul and Imran, Mubashir and Gillani, Uzair and Aljohani, Naif Radi and Bowman, Timothy D and Didegah, Fereshteh},
	journal={Scientometrics},
	volume={113},
	number={2},
	pages={1037--1057},
	year={2017},
	publisher={Springer}
}
@article{zhao2015analysis,
	title={Analysis and visualization of citation networks},
	author={Zhao, Dangzhi and Strotmann, Andreas},
	journal={Synthesis lectures on information concepts, retrieval, and services},
	volume={7},
	number={1},
	pages={1--207},
	year={2015},
	publisher={Morgan \& Claypool Publishers}
}
@article{fernandes2017evolution,
	title={Evolution in the number of authors of computer science publications},
	author={Fernandes, Jo{\~a}o M and Monteiro, Miguel P},
	journal={Scientometrics},
	volume={110},
	number={2},
	pages={529--539},
	year={2017},
	publisher={Springer}
}
@article{wagner2017growth,
	title={Growth of international collaboration in science: revisiting six specialties},
	author={Wagner, Caroline S and Whetsell, Travis A and Leydesdorff, Loet},
	journal={Scientometrics},
	volume={110},
	number={3},
	pages={1633--1652},
	year={2017},
	publisher={Springer}
}
@article{nobre2017scientific,
	title={Scientific literature analysis on big data and internet of things applications on circular economy: a bibliometric study},
	author={Nobre, Gustavo Cattelan and Tavares, Elaine},
	journal={Scientometrics},
	volume={111},
	number={1},
	pages={463--492},
	year={2017},
	publisher={Springer}
}
@article{waheed2018bibliometric,
	title={A bibliometric perspective of learning analytics research landscape},
	author={Waheed, Hajra and Hassan, Saeed-Ul and Aljohani, Naif Radi and Wasif, Muhammad},
	journal={Behaviour \& Information Technology},
	pages={1--17},
	year={2018},
	publisher={Taylor \& Francis}
}
@article{yin2017dancing,
	title={Dancing with the academic elite: a promotion or hindrance of research production?},
	author={Yin, Zhifeng and Zhi, Qiang},
	journal={Scientometrics},
	volume={110},
	number={1},
	pages={17--41},
	year={2017},
	publisher={Springer}
}
@article{savic2017analysis,
	title={Analysis of intra-institutional research collaboration: a case of a {S}erbian faculty of sciences},
	author={Savi{\'c}, Milo{\v{s}} and Ivanovi{\'c}, Mirjana and Surla, Bojana Dimi{\'c}},
	journal={Scientometrics},
	volume={110},
	number={1},
	pages={195--216},
	year={2017},
	publisher={Springer}
}
@article{coccia2016evolution,
	title={Evolution and convergence of the patterns of international scientific collaboration},
	author={Coccia, Mario and Wang, Lili},
	journal={Proceedings of the National Academy of Sciences},
	volume={113},
	number={8},
	pages={2057--2061},
	year={2016},
	publisher={National Acad Sciences}
}
@article{powell2018these,
	title={These labs are remarkably diverse--here's why they're winning at science},
	author={Powell, K},
	journal={Nature},
	volume={558},
	number={7708},
	pages={19},
	year={2018}
}
@book{weatherburn1949first,
	title={A first course mathematical statistics},
	author={Weatherburn, Charles Ernest},
	volume={158},
	year={1949},
	publisher={CUP Archive}
}
@article{blondel2008fast,
	title={Fast unfolding of communities in large networks},
	author={Blondel, Vincent D and Guillaume, Jean-Loup and Lambiotte, Renaud and Lefebvre, Etienne},
	journal={Journal of statistical mechanics: theory and experiment},
	volume={2008},
	number={10},
	pages={P10008},
	year={2008},
	publisher={IOP Publishing}
}
@article{van2012intended,
  title={Intended and unintended consequences of a publish-or-perish culture: A worldwide survey},
  author={Van Dalen, Hendrik P and Henkens, K{\`e}ne},
  journal={Journal of the American Society for Information Science and Technology},
  volume={63},
  number={7},
  pages={1282--1293},
  year={2012},
  publisher={Wiley Online Library}
}
@article{page1999best,
  title={Best Practices Memo Evaluating Computer Scientists and Engineers For Promotion and Tenure},
  author={Page, A},
  journal={Computing},
  year={1999}
}
@article{leys2013detecting,
  title={Detecting outliers: Do not use standard deviation around the mean, use absolute deviation around the median},
  author={Leys, Christophe and Ley, Christophe and Klein, Olivier and Bernard, Philippe and Licata, Laurent},
  journal={Journal of Experimental Social Psychology},
  volume={49},
  number={4},
  pages={764--766},
  year={2013},
  publisher={Elsevier}
}
@article{fortnow2009time,
  title={Time for computer science to grow up.},
  author={Fortnow, Lance and others},
  journal={Commun. ACM},
  volume={52},
  number={8},
  pages={33--35},
  year={2009}
}
@article{narin1994bibliometrics,
	title={Bibliometrics/theory, practice and problems},
	author={Narin, Francis and Olivastro, Dominic and Stevens, Kimberly A},
	journal={Evaluation review},
	volume={18},
	number={1},
	pages={65--76},
	year={1994},
	publisher={Sage Publications Sage CA: Thousand Oaks, CA}
}

@article{lipton2018troubling,
  title={Troubling trends in machine learning scholarship},
  author={Lipton, Zachary C and Steinhardt, Jacob},
  journal={arXiv preprint arXiv:1807.03341},
  year={2018}
}